<record xmlns="http://www.loc.gov/MARC21/slim" xmlns:xsi="http://www.w3.org/2001/XMLSchema-instance" xsi:schemaLocation="http://www.loc.gov/MARC21/slim http://www.loc.gov/standards/marcxml/schema/MARC21slim.xsd"><leader>     nam a22        4500</leader><controlfield tag="001">3058889</controlfield><controlfield tag="003">NNC</controlfield><controlfield tag="006">m        d        </controlfield><controlfield tag="007">cr cn |||m|||a</controlfield><controlfield tag="008">150316s1956    iq      ob    000 0bara d</controlfield><datafield ind1=" " ind2=" " tag="040"><subfield code="a">NNU</subfield><subfield code="b">eng</subfield><subfield code="c">NNU</subfield></datafield><datafield ind1=" " ind2="4" tag="050"><subfield code="a">BP193</subfield><subfield code="b">.A79</subfield></datafield><datafield ind1="1" ind2=" " tag="100"><subfield code="6">880-01</subfield><subfield code="a">&#699;Askari&#772;, Murtad&#803;a&#769;.</subfield></datafield><datafield ind1="1" ind2="0" tag="245"><subfield code="6">880-02</subfield><subfield code="a">&#699;Abd Alla&#772;h ibn Saba&#700;, al-madkhal</subfield><subfield code="h">[electronic resource] :</subfield><subfield code="b">bah&#803;th wa-tah&#803;qi&#772;q fi&#772;ma&#772; katabahu al-mu&#700;arrikhu&#772;n wa-al-mustashriqu&#772;n &#699;an Ibn Saba&#700; wa-qis&#803;as&#803; Isla&#772;mi&#772;yah ukhra&#769; mundhu al-qarn al-tha&#772;ni&#772; al-Hijri&#772; h&#803;atta&#769; al-yawm /</subfield><subfield code="c">ta&#700;li&#772;f Murtad&#803;a&#769; al-&#699;Askari&#772;.</subfield></datafield><datafield ind1=" " ind2=" " tag="260"><subfield code="6">880-03</subfield><subfield code="a">al-Najaf :</subfield><subfield code="b">al-Mat&#803;ba&#699;ah al-&#699;Ilmi&#772;yah,</subfield><subfield code="c">1956.</subfield></datafield><datafield ind1=" " ind2=" " tag="300"><subfield code="a">online resource ([3], 2, 182 p.)</subfield></datafield><datafield ind1=" " ind2=" " tag="500"><subfield code="a">Includes bibliographical references (p. 171-179).</subfield></datafield><datafield ind1=" " ind2=" " tag="500"><subfield code="a">Part of the Arabic Collections Online (ACO) project, contributed by Columbia University Libraries.</subfield></datafield><datafield ind1=" " ind2=" " tag="504"><subfield code="a">Includes bibliographical references.</subfield></datafield><datafield ind1=" " ind2=" " tag="533"><subfield code="a">Electronic reproduction.</subfield><subfield code="b">New York, N.Y. :</subfield><subfield code="c">New York University,</subfield><subfield code="d">2015.</subfield><subfield code="5">NNU</subfield></datafield><datafield ind1="0" ind2="0" tag="600"><subfield code="6">880-04</subfield><subfield code="a">&#699;Abd Alla&#772;h ibn Saba&#700;,</subfield><subfield code="d">7th cent.</subfield></datafield><datafield ind1="0" ind2="7" tag="600"><subfield code="a">&#699;Abd Alla&#772;h ibn Saba&#700;,</subfield><subfield code="d">active 7th century.</subfield><subfield code="2">fast</subfield><subfield code="0">(OCoLC)fst01860075</subfield></datafield><datafield ind1="2" ind2=" " tag="710"><subfield code="a">Columbia University.</subfield><subfield code="b">Libraries.</subfield></datafield><datafield ind1="0" ind2=" " tag="730"><subfield code="a">Arabic Collections Online.</subfield></datafield><datafield ind1="0" ind2="8" tag="776"><subfield code="i">Print version:</subfield><subfield code="a">&#699;Askari&#772;, Murtad&#803;a&#769;.</subfield><subfield code="t">&#699;Abd Alla&#772;h ibn Saba&#700;, al-madkhal</subfield><subfield code="w">(NNC)3058889</subfield><subfield code="w">(DLC)ne 66001081 </subfield><subfield code="w">(OCoLC)476964996</subfield></datafield><datafield ind1="4" ind2="0" tag="856"><subfield code="u">http://hdl.handle.net/2333.1/t4b8gww9</subfield></datafield><datafield ind1="1" ind2=" " tag="880"><subfield code="6">100-01/r</subfield><subfield code="a">&#1593;&#1587;&#1603;&#1585;&#1610;&#1548; &#1605;&#1585;&#1578;&#1590;&#1609;.</subfield></datafield><datafield ind1="1" ind2="0" tag="880"><subfield code="6">245-02/r</subfield><subfield code="a">&#1593;&#1576;&#1583; &#1575;&#1604;&#1604;&#1607; &#1576;&#1606; &#1587;&#1576;&#1571;&#1548; &#1575;&#1604;&#1605;&#1583;&#1582;&#1604; :</subfield><subfield code="b">&#1576;&#1581;&#1579; &#1608;&#1578;&#1581;&#1602;&#1610;&#1602; &#1601;&#1610;&#1605;&#1575; &#1603;&#1578;&#1576;&#1607; &#1575;&#1604;&#1605;&#1572;&#1585;&#1582;&#1608;&#1606; &#1608;&#1575;&#1604;&#1605;&#1587;&#1578;&#1588;&#1585;&#1602;&#1608;&#1606; &#1593;&#1606; &#1575;&#1576;&#1606; &#1587;&#1576;&#1571; &#1608;&#1602;&#1589;&#1589; &#1575;&#1587;&#1604;&#1575;&#1605;&#1610;&#1577; &#1575;&#1582;&#1585;&#1609; &#1605;&#1606;&#1584; &#1575;&#1604;&#1602;&#1585;&#1606; &#1575;&#1604;&#1579;&#1575;&#1606;&#1610; &#1575;&#1604;&#1607;&#1580;&#1585;&#1610; &#1581;&#1578;&#1609; &#1575;&#1604;&#1610;&#1608;&#1605; /</subfield><subfield code="c">&#1578;&#1571;&#1604;&#1610;&#1601; &#1605;&#1585;&#1578;&#1590;&#1609; &#1575;&#1604;&#1593;&#1587;&#1603;&#1585;&#1610;.</subfield></datafield><datafield ind1=" " ind2=" " tag="880"><subfield code="6">260-03/r</subfield><subfield code="a">&#1575;&#1604;&#1606;&#1580;&#1601; :</subfield><subfield code="b">&#1575;&#1604;&#1605;&#1591;&#1576;&#1593;&#1577; &#1575;&#1604;&#1593;&#1604;&#1605;&#1610;&#1577;&#1548;</subfield><subfield code="c">1956.</subfield></datafield><datafield ind1="0" ind2="4" tag="880"><subfield code="6">600-04/r</subfield><subfield code="a">&#1593;&#1576;&#1583; &#1575;&#1604;&#1604;&#1607; &#1576;&#1606; &#1587;&#1576;&#1571;.</subfield></datafield><datafield ind1=" " ind2=" " tag="959"><subfield code="a">NNU</subfield><subfield code="b">WEB</subfield><subfield code="c">GENI</subfield><subfield code="t">0</subfield><subfield code="m">Electronic access</subfield><subfield code="s">01</subfield></datafield><datafield ind1=" " ind2=" " tag="999"><subfield code="i">NNC_3058889</subfield><subfield code="o">(OCoLC)ocn476964996</subfield><subfield code="e">(ERROR-880)</subfield><subfield code="s">columbia_aco000380</subfield></datafield></record>